@article{b1,
	title={Capturing the economic value of triadic patents},
	author={Tahmooresnejad, Leila and Beaudry, Catherine},
	journal={Scientometrics},
	volume={118},
	number={1},
	pages={127--157},
	year={2019},
	publisher={Springer}
}
@inproceedings{b2,
	title={Patent Litigation Prediction: A Convolutional Tensor Factorization Approach.},
	author={Liu, Qi and Wu, Han and Ye, Yuyang and Zhao, Hongke and Liu, Chuanren and Du, Dongfang},
	booktitle={IJCAI},
	pages={5052--5059},
	year={2018}
}
@article{b3,
	title={An approach to discovering new technology opportunities: Keyword-based patent map approach},
	author={Lee, Sungjoo and Yoon, Byungun and Park, Yongtae},
	journal={Technovation},
	volume={29},
	number={6-7},
	pages={481--497},
	year={2009},
	publisher={Elsevier}
}
@article{b4,
	title={Ensemble of keyword extraction methods and classifiers in text classification},
	author={Onan, Aytu{\u{g}} and Koruko{\u{g}}lu, Serdar and Bulut, Hasan},
	journal={Expert Systems with Applications},
	volume={57},
	pages={232--247},
	year={2016},
	publisher={Elsevier}
}
@inproceedings{b5,
	title={News keyword extraction for topic tracking},
	author={Lee, Sungjick and Kim, Han-joon},
	booktitle={2008 Fourth International Conference on Networked Computing and Advanced Information Management},
	volume={2},
	pages={554--559},
	year={2008},
	organization={IEEE}
}
@inproceedings{b6,
	title={Textrank: Bringing order into text},
	author={Mihalcea, Rada and Tarau, Paul},
	booktitle={Proceedings of the 2004 conference on empirical methods in natural language processing},
	year={2004}
}
@article{b7,
	title={Automatic keyword extraction from individual documents},
	author={Rose, Stuart and Engel, Dave and Cramer, Nick and Cowley, Wendy},
	journal={Text mining: applications and theory},
	pages={1--20},
	year={2010},
	publisher={Wiley Online Library}
}
@article{b8,
	title={Patent keyword extraction algorithm based on distributed representation for patent classification},
	author={Hu, Jie and Li, Shaobo and Yao, Yong and Yu, Liya and Yang, Guanci and Hu, Jianjun},
	journal={Entropy},
	volume={20},
	number={2},
	pages={104},
	year={2018},
	publisher={Multidisciplinary Digital Publishing Institute}
}
@article{b9,
	title={Patent clustering and outlier ranking methodologies for attributed patent citation networks for technology opportunity discovery},
	author={Rodriguez, Andrew and Tosyali, Ali and Kim, Byunghoon and Choi, Jeongsub and Lee, Jae-Min and Coh, Byoung-Youl and Jeong, Myong K},
	journal={IEEE Transactions on Engineering Management},
	volume={63},
	number={4},
	pages={426--437},
	year={2016},
	publisher={IEEE}
}
@article{b10,
	title={Efficient estimation of word representations in vector space},
	author={Mikolov, Tomas and Chen, Kai and Corrado, Greg and Dean, Jeffrey},
	journal={arXiv preprint arXiv:1301.3781},
	year={2013}
}
@article{b11,
	title={Extracting the significant-rare keywords for patent analysis},
	author={Li, Yan-Ru and Wang, Leuo-Hong and Hong, Chao-Fu},
	journal={Expert Systems with Applications},
	volume={36},
	number={3},
	pages={5200--5204},
	year={2009},
	publisher={Elsevier}
}
@article{b12,
	title={Visualization of patent analysis for emerging technology},
	author={Kim, Young Gil and Suh, Jong Hwan and Park, Sang Chan},
	journal={Expert Systems with Applications},
	volume={34},
	number={3},
	pages={1804--1812},
	year={2008},
	publisher={Elsevier}
}
@article{b13,
	title={Modeling and analyzing technology innovation in the energy sector: Patent-based HMM approach},
	author={Lee, Sungjoo and Lee, Hyoung-joo and Yoon, Byungun},
	journal={Computers \& Industrial Engineering},
	volume={63},
	number={3},
	pages={564--577},
	year={2012},
	publisher={Elsevier}
}
@article{b14,
	title={Keyword selection and processing strategy for applying text mining to patent analysis},
	author={Noh, Heeyong and Jo, Yeongran and Lee, Sungjoo},
	journal={Expert Systems with Applications},
	volume={42},
	number={9},
	pages={4348--4360},
	year={2015},
	publisher={Elsevier}
}
@inproceedings{b15,
	title={Knowledge of extraction from trained neural network by using decision tree},
	author={Ardiansyah, Soleh and Majid, Mazlina Abdul and Zain, Jasni Mohamad},
	booktitle={2016 2nd International Conference on Science in Information Technology (ICSITech)},
	pages={220--225},
	year={2016},
	organization={IEEE}
}
@article{b16,
	title={Spoken Term Detection Using SVM-Based Classifier Trained with Pre-Indexed Keywords},
	author={Domoto, Kentaro and Utsuro, Takehito and Sawada, Naoki and Nishizaki, Hiromitsu},
	journal={IEICE TRANSACTIONS on Information and Systems},
	volume={99},
	number={10},
	pages={2528--2538},
	year={2016},
	publisher={The Institute of Electronics, Information and Communication Engineers}
}
@inproceedings{b17,
	title={A Hidden-State Maximum Entropy Model Forword Confidence Estimation},
	author={Yu, Peng and Xu, Jie and Zhang, Guo-Liang and Chang, Yu-Chou and Seide, Frank},
	booktitle={2007 IEEE International Conference on Acoustics, Speech and Signal Processing-ICASSP'07},
	volume={4},
	pages={IV--785},
	year={2007},
	organization={IEEE}
}
@inproceedings{b18,
	title={Technology effect phrase extraction in Chinese patent abstracts},
	author={Liu, Dacheng and Peng, Zhiyong and Liu, Bin and Chen, Xu and Guo, Yuqi},
	booktitle={Asia-Pacific Web Conference},
	pages={141--152},
	year={2014},
	organization={Springer}
}
@article{b19,
	title={Monitoring Newly Adopted Technologies Using Keyword Based Analysis of Cited Patents},
	author={Nam, Sunghyun and Kim, Kwangsoo},
	journal={IEEE Access},
	volume={5},
	pages={23086--23091},
	year={2017},
	publisher={IEEE}
}
@article{b20,
	title={Patent keyword extraction for sustainable technology management},
	author={Kim, Jongchan and Choi, Jaehyun and Park, Sangsung and Jang, Dongsik},
	journal={Sustainability},
	volume={10},
	number={4},
	pages={1287},
	year={2018},
	publisher={Multidisciplinary Digital Publishing Institute}
}
@article{b21,
	title={A visual attention-based keyword extraction for document classification},
	author={Wu, Xing and Du, Zhikang and Guo, Yike},
	journal={Multimedia Tools and Applications},
	volume={77},
	number={19},
	pages={25355--25367},
	year={2018},
	publisher={Springer}
}
@inproceedings{b22,
	title={Keywords Extraction based on Sentence-Ranking from Chinese Patents.},
	author={Wang, Zhihong and Guo, Yi and Qi, Tianmei},
	booktitle={SEKE},
	pages={80--85},
	year={2018}
}
@inproceedings{b23,
	title={Research on keyword extraction based on word2vec weighted textrank},
	author={Wen, Yujun and Yuan, Hui and Zhang, Pengzhou},
	booktitle={2016 2nd IEEE International Conference on Computer and Communications (ICCC)},
	pages={2109--2113},
	year={2016},
	organization={IEEE}
}
@inproceedings{b24,
	title={TextRank algorithm by exploiting Wikipedia for short text keywords extraction},
	author={Li, Wengen and Zhao, Jiabao},
	booktitle={2016 3rd International Conference on Information Science and Control Engineering (ICISCE)},
	pages={683--686},
	year={2016},
	organization={IEEE}
}
@inproceedings{b25,
	title={BIRCH: an efficient data clustering method for very large databases},
	author={Zhang, Tian and Ramakrishnan, Raghu and Livny, Miron},
	booktitle={ACM Sigmod Record},
	volume={25},
	number={2},
	pages={103--114},
	year={1996},
	organization={ACM}
}
@article{b26,
	title={Keyword extraction from emails},
	author={Lahiri, Shibamouli and Mihalcea, Rada and Lai, P-H},
	journal={Natural Language Engineering},
	volume={23},
	number={2},
	pages={295--317},
	year={2017},
	publisher={Cambridge University Press}
}
@article{b27,
	title={Visualizing data using t-SNE},
	author={Maaten, Laurens van der and Hinton, Geoffrey},
	journal={Journal of machine learning research},
	volume={9},
	number={Nov},
	pages={2579--2605},
	year={2008}
}